@inproceedings{sha2003shallow,
  title={Shallow parsing with conditional random fields},
  author={Sha, Fei and Pereira, Fernando},
  booktitle={Proceedings of the 2003 Conference of the North American Chapter of the Association for Computational Linguistics on Human Language Technology-Volume 1},
  pages={134--141},
  year={2003},
  organization={Association for Computational Linguistics}
}
@article{lafferty2001conditional,
  title={Conditional random fields: Probabilistic models for segmenting and labeling sequence data},
  author={Lafferty, John and McCallum, Andrew and Pereira, Fernando CN},
  year={2001}
}
@inproceedings{mccallum2000maximum,
  title={Maximum Entropy Markov Models for Information Extraction and Segmentation.},
  author={McCallum, Andrew and Freitag, Dayne and Pereira, Fernando CN},
  booktitle={ICML},
  pages={591--598},
  year={2000}
}
@article{hammersley1971markov,
  title={Markov fields on finite graphs and lattices},
  author={Hammersley, John M and Clifford, Peter},
  year={1971}
}
